<?xml version="1.0" encoding="UTF-8"?><record xmlns="http://www.loc.gov/MARC21/slim" xmlns:cinclude="http://apache.org/cocoon/include/1.0" xmlns:zs="http://www.loc.gov/zing/srw/">
  <leader>00600cz  a2200133n  4500</leader>
  <controlfield tag="001">n  88098822 </controlfield>
  <controlfield tag="003">DLC</controlfield>
  <controlfield tag="005">20080314075826.0</controlfield>
  <controlfield tag="008">880524n| acannaabn          |n ana     c</controlfield>
  <datafield tag="010" ind1=" " ind2=" ">
    <subfield code="a">n  88098822 </subfield>
  </datafield>
  <datafield tag="035" ind1=" " ind2=" ">
    <subfield code="a">(OCoLC)oca02284804</subfield>
  </datafield>
  <datafield tag="040" ind1=" " ind2=" ">
    <subfield code="a">DGPO</subfield>
    <subfield code="b">eng</subfield>
    <subfield code="c">DLC</subfield>
    <subfield code="d">OCoLC</subfield>
  </datafield>
  <datafield tag="110" ind1="1" ind2=" ">
    <subfield code="a">United States.</subfield>
    <subfield code="b">Animal and Plant Health Inspection Service.</subfield>
    <subfield code="b">Veterinary Services.</subfield>
    <subfield code="b">Animal Health Programs.</subfield>
    <subfield code="b">Technical Support Staff</subfield>
  </datafield>
  <datafield tag="670" ind1=" " ind2=" ">
    <subfield code="a">Animal disease thesaurus, 1984:</subfield>
    <subfield code="b">t.p. (Technical Support Staff, Animal Health Programs, Veterinary Services, Animal and Plant Health Inspection Service, U.S. Department of Agriculture)</subfield>
  </datafield>
</record>